@Manual{R-base,
  title = {R: A Language and Environment for Statistical Computing},
  author = {{R Core Team}},
  organization = {R Foundation for Statistical Computing},
  address = {Vienna, Austria},
  year = {2018},
  url = {https://www.R-project.org/},
}
@Manual{R-bookdown,
  title = {bookdown: Authoring Books and Technical Documents with R Markdown},
  author = {Yihui Xie},
  year = {2020},
  note = {R package version 0.17},
  url = {https://CRAN.R-project.org/package=bookdown},
}
@Manual{R-knitr,
  title = {knitr: A General-Purpose Package for Dynamic Report Generation in R},
  author = {Yihui Xie},
  year = {2019},
  note = {R package version 1.25},
  url = {https://CRAN.R-project.org/package=knitr},
}
@Manual{R-multcomp,
  title = {multcomp: Simultaneous Inference in General Parametric Models},
  author = {Torsten Hothorn and Frank Bretz and Peter Westfall},
  year = {2019},
  note = {R package version 1.4-10},
  url = {https://CRAN.R-project.org/package=multcomp},
}
@Manual{R-pwr,
  title = {pwr: Basic Functions for Power Analysis},
  author = {Stephane Champely},
  year = {2018},
  note = {R package version 1.2-2},
  url = {https://CRAN.R-project.org/package=pwr},
}
@Manual{R-pwr2ppl,
  title = {pwr2ppl: Power Analyses for Common Designs (Power to the People)},
  author = {Chris Aberson},
  year = {2019},
  note = {R package version 0.1.1},
  url = {https://CRAN.R-project.org/package=pwr2ppl},
}
@Manual{R-rmarkdown,
  title = {rmarkdown: Dynamic Documents for R},
  author = {JJ Allaire and Yihui Xie and Jonathan McPherson and Javier Luraschi and Kevin Ushey and Aron Atkins and Hadley Wickham and Joe Cheng and Winston Chang and Richard Iannone},
  year = {2019},
  note = {R package version 1.16},
  url = {https://CRAN.R-project.org/package=rmarkdown},
}
