@article{Campbell2012MorePower6F,
  title={MorePower 6.0 for ANOVA with relational confidence intervals and Bayesian analysis},
  author={Jamie Campbell and Valerie A. Thompson},
  journal={Behavior Research Methods},
  year={2012},
  volume={44},
  pages={1255-1265},
  url = {https://doi.org/10.3758/s13428-012-0186-0}
}

@article{faul2007g,
  title={G*Power 3: A flexible statistical power analysis program for the social, behavioral, and biomedical sciences},
  author={Faul, Franz and Erdfelder, Edgar and Lang, Albert-Georg and Buchner, Axel},
  journal={Behavior research methods},
  volume={39},
  number={2},
  pages={175--191},
  year={2007},
  publisher={Springer},
  url = {http://www.psychologie.hhu.de/arbeitsgruppen/allgemeine-psychologie-und-arbeitspsychologie/gpower.html}
}

@article{albers2018power,
  title={When power analyses based on pilot data are biased: Inaccurate effect size estimators and follow-up bias},
  author={Albers, Casper and Lakens, Dani{\"e}l},
  journal={Journal of experimental social psychology},
  volume={74},
  pages={187--195},
  year={2018},
  publisher={Elsevier},
  url={https://doi.org/10.1016/j.jesp.2017.09.004}
}

@book{cohen1988spa,
  added-at = {2009-10-28T04:42:52.000+0100},
  author = {Cohen, J.},
  biburl = {https://www.bibsonomy.org/bibtex/2f930c805431f93c9370eadbed28f1caf/jwbowers},
  date-added = {2007-09-03 22:45:16 -0500},
  date-modified = {2007-09-03 22:45:16 -0500},
  interhash = {ab4b29867f1552a9ab20b69edf9df19d},
  intrahash = {f930c805431f93c9370eadbed28f1caf},
  keywords = {imported},
  publisher = {Lawrence Erlbaum Associates},
  timestamp = {2009-10-28T04:43:06.000+0100},
  title = {{Statistical Power Analysis for the Behavioral Sciences}},
  year = 1988
}

@article{potvin2000statistical,
  title={Statistical power for the two-factor repeated measures ANOVA},
  author={Potvin, Patrick J and Schutz, Robert W},
  journal={Behavior Research Methods, Instruments, \& Computers},
  volume={32},
  number={2},
  pages={347--356},
  year={2000},
  publisher={Springer},
  url={https://psycnet.apa.org/doi/10.3758/BF03207805}
}

@book{maxwell_designing_2004,
	series = {Avec {CD}},
	title = {Designing {Experiments} and {Analyzing} {Data}: {A} {Model} {Comparison} {Perspective}},
	isbn = {978-0-8058-3718-6},
	url = {https://books.google.com/books?id=gKZbD3lL88AC},
	number = {v. 1},
	publisher = {Lawrence Erlbaum Associates},
	author = {Maxwell, S.E. and Delaney, H.D. and Kelley, K.},
	year = {2004},
	lccn = {2002015810},
	url={https://designingexperiments.com/}
}

@misc{simonsohn_2014, 
title={No-Way Interactions}, 
url={http://datacolada.org/17}, 
journal={Data Colada}, 
author={Simonsohn, Uri}, 
year={2014}, 
month={Mar}} 

@article{d2001power,
  title={Power analysis for multivariate and repeated measures designs: A flexible approach using the SPSS MANOVA procedure},
  author={D’Amico, Elizabeth J and Neilands, Torsten B and Zambarano, Robert},
  journal={Behavior Research Methods, Instruments, \& Computers},
  volume={33},
  number={4},
  pages={479--484},
  year={2001},
  publisher={Springer},
  url={https://doi.org/10.3758/BF03195405}
}

@article{vonesh1986sample,
  title={Sample sizes in the multivariate analysis of repeated measurements},
  author={Vonesh, Edward F and Schork, M Anthony},
  journal={Biometrics},
  pages={601--610},
  year={1986},
  publisher={JSTOR},
  url={http://dx.doi.org/10.2307/2531210}
}

@article{algina1997detecting,
  title={Detecting repeated measures effects with univariate and multivariate statistics},
  author={Algina, James and Keselman, HJ},
  journal={Psychological Methods},
  volume={2},
  number={2},
  pages={208},
  year={1997},
  publisher={American Psychological Association},
  url={http://dx.doi.org/10.1037/1082-989X.2.2.208}
}

@book{stevens2012applied,
  title={Applied multivariate statistics for the social sciences},
  author={Stevens, James P},
  year={2012},
  publisher={Routledge}
}

@misc{o1999pragmatic,
  title={Pragmatic, unifying algorithm gives power probabilities for common F tests of the multivariate general linear hypothesis},
  author={O’Brien, Ralph G and Shieh, Gwowen},
  year={1999},
  publisher={Citeseer},
  url={https://pdfs.semanticscholar.org/deda/facfd686feea985e134babc524ceb46f0422.pdf}
}

@article{muller1984practical,
  title={Practical methods for computing power in testing the multivariate general linear hypothesis},
  author={Muller, Keith E and Peterson, Bercedis L},
  journal={Computational Statistics \& Data Analysis},
  volume={2},
  number={2},
  pages={143--158},
  year={1984},
  publisher={Elsevier},
  url={https://doi.org/10.1016/0167-9473(84)90002-1}
}

@incollection{SASglmpower,
  author      = "SAS",
  title       = "The GLMPOWER Procedure",
  booktitle   = "SAS/STAT 14.1 User's Guide",
  publisher   = "SAS Institute Inc",
  address     = "Cary, NC",
  year        = 2015,
  pages       = "3738-3798",
  chapter     = 48,
  url         ={http://support.sas.com/documentation/cdl/en/statug/68162/HTML/default/viewer.htm#statug_glmpower_toc.htm}
}

@article{pavot1993affective,
  title={The affective and cognitive context of self-reported measures of subjective well-being},
  author={Pavot, William and Diener, Ed},
  journal={Social Indicators Research},
  volume={28},
  number={1},
  pages={1--20},
  year={1993},
  publisher={Springer}
}

@article{brysbaert2019many,
  title={How many participants do we have to include in properly powered experiments? A tutorial of power analysis with reference tables},
  author={Brysbaert, Marc},
  journal={Journal of cognition},
  volume={2},
  number={1},
  year={2019},
  publisher={Ubiquity Press},
  url={http://doi.org/10.5334/joc.72}
}

@article{algina_detecting_1997,
	title = {Detecting repeated measures effects with univariate and multivariate statistics},
	volume = {2},
	issn = {1939-1463(Electronic),1082-989X(Print)},
	doi = {10.1037/1082-989X.2.2.208},
	abstract = {Power differences between multivariate and -adjusted univariate tests are presented for various configurations and sizes of population means, degrees of nonsphericity, and sample sizes for small and large repeated measures designs with 1 within-subjects factor. The results are applicable to various designs (e.g., longitudinal). Power differences were calculated by adapting procedures presented in K. E. Muller and C. N. Barton (1989, 1991). The results demonstrate that, for parametric conditions likely to be encountered by psychological researchers, the differences between the 2 approaches can be considerable. The authors recommend that sample size be chosen according to the procedures enumerated by Muller and Barton but provide simple guidelines for use when the information required by the Muller-Barton approach is not available. (PsycINFO Database Record (c) 2016 APA, all rights reserved)},
	number = {2},
	journal = {Psychological Methods},
	author = {Algina, James and Keselman, H. J.},
	year = {1997},
	keywords = {Multivariate Analysis, Repeated Measures, Statistical Analysis, Statistical Power, Statistical Tests},
	pages = {208--218},
	file = {Detecting repeated measures effects with univariate and multivariate statistics:C\:\\Users\\Daniel\\Zotero\\storage\\5EIAKX7Q\\algina1997.html:text/html;Snapshot:C\:\\Users\\Daniel\\Zotero\\storage\\G27LXZ7J\\1997-06270-007.html:text/html}
}

@article{Lenth2007,
  title={Statistical power calculations},
  author={Lenth, Russell V},
  journal={Journal of animal science},
  volume={85},
  number={suppl\_13},
  pages={E24--E29},
  year={2007},
  publisher={Oxford University Press}
}

@article{Perugini2014,
  title={Safeguard power as a protection against imprecise power estimates},
  author={Perugini, Marco and Gallucci, Marcello and Costantini, Giulio},
  journal={Perspectives on Psychological Science},
  volume={9},
  number={3},
  pages={319--332},
  year={2014},
  publisher={Sage Publications Sage CA: Los Angeles, CA}
}


